@Book{ mulawka,
	title = "Systemy ekspertowe",
	author = "J. Mulawka",
	year = "1997"
}

@Book{ analiza,
	title = "Analiza techniczna rynk√≥w finansowych",
	author = "J. Murphy",
	year = "2008"
}

@Book{ clojure,
	title = "Programming Clojure",
	author = "S. Halloway",
	year = "2012"
}

@Misc{ Oet11,
	title = "The Not So Short Introduction to {LaTeX2e}",
	author = "T. Oetiker",
	year = "2011",
	howpublished = "\url{http://tobi.oetiker.ch/lshort/lshort.pdf}"
}

@Misc{ texlive,
	title = "{TeX Live}",
	howpublished = "\url{http://www.tug.org/texlive/}"
}

@Misc{ kile,
	title = "{Kile - an Integrated LaTeX Environment}",
	howpublished = "\url{http://kile.sourceforge.net/}"
}

@Misc{ kbibtex,
	title = "{KBibTeX}",
	howpublished = "\url{http://home.gna.org/kbibtex/}"
}

@Electronic{ Nie10,
	title = "Szablon pracy dyplomowej",
	author = "A. Niewiadomski",
	year = "2010",
	howpublished = "\url{http://ics.p.lodz.pl/~aniewiadomski/mgr/szablon-konspekt.pdf}"
}

